%% This BibTeX bibliography file was created using BibDesk.
%% http://bibdesk.sourceforge.net/

%% Created for Sandar Felicity Lim at 2017-10-24 07:59:02 +0200


%% Saved with string encoding Unicode (UTF-8)



@Book{wordnet,
      title = {WordNet: An Electronic Lexical Database},
      author = {Christiane Fellbaum},
      year = {1998},
      publisher = {Bradford Books},
    }

@article{lstm,
	 author = {Hochreiter, Sepp and Schmidhuber, J\"{u}rgen},
	 title = {Long Short-Term Memory},
	 journal = {Neural Comput.},
	 issue_date = {November 15, 1997},
	 volume = {9},
	 number = {8},
	 month = nov,
	 year = {1997},
	 issn = {0899-7667},
	 pages = {1735--1780},
	 numpages = {46},
	 url = {http://dx.doi.org/10.1162/neco.1997.9.8.1735},
	 doi = {10.1162/neco.1997.9.8.1735},
	 acmid = {1246450},
	 publisher = {MIT Press},
	 address = {Cambridge, MA, USA},
	}





@article{top4,
		Author = { Bugert,Michael and  Puzikov,Yevgeniy and   R{\"u}ckl{\'e}, Andreas and  Eckle-Kohler,Judith and   Martin,Teresa and   Mart{\'\i}nez-C{\'a}mara , Eugenio and  Sorokin,Daniil and   Peyrard, Maxime and  Gurevych,Iryna},
		Date-Added = {2018-06-08 14:17:07 +0000},
		Date-Modified = {2018-06-08 14:20:48 +0000},
		Journal = {Proceedings of the 2nd Workshop on Linking Models of Lexical, Sentential and Discourse-level Semantics (LSDSem)},
		Publisher = {Association for Computational Linguistics},
		Title = {LSDSem 2017: Exploring Data Generation Methods for the Story Cloze Test},
		Year = {2017}}



		@misc{tfseq2seq,
			Author = {Tensorflow},
			Date-Added = {2018-06-08 14:59:22 +0000},
			Date-Modified = {2018-06-08 15:00:05 +0000},
			Title = {Neural Machine Translation (seq2seq) Tutorial },
			Url = {https://www.tensorflow.org/tutorials/seq2seq}}
